<record><leader>00000cas a2200000 a 4500</leader><controlfield tag="001">12835107</controlfield><controlfield tag="008">851122d19121949ksuwr ne      0    0eng d</controlfield><datafield ind1=" " ind2=" " tag="010"><subfield code="a">sn 85066347 </subfield></datafield><datafield ind1=" " ind2=" " tag="040"><subfield code="a">KSH</subfield><subfield code="b">eng</subfield><subfield code="c">KSH</subfield><subfield code="d">NPT</subfield><subfield code="d">OCL</subfield><subfield code="d">OCLCQ</subfield></datafield><datafield ind1=" " ind2=" " tag="042"><subfield code="a">msc</subfield></datafield><datafield ind1="0" ind2="4" tag="245"><subfield code="a">The Haddam clipper-leader.</subfield></datafield><datafield ind1=" " ind2=" " tag="260"><subfield code="a">Haddam, Kan. :</subfield><subfield code="b">Leader Pub. Co.,</subfield><subfield code="c">1912-1949.</subfield></datafield><datafield ind1=" " ind2=" " tag="300"><subfield code="a">38 v. :</subfield><subfield code="b">ill. ;</subfield><subfield code="c">54 cm.</subfield></datafield><datafield ind1=" " ind2=" " tag="310"><subfield code="a">Weekly</subfield></datafield><datafield ind1="0" ind2=" " tag="362"><subfield code="a">Vol. 29, no. 47 (May 10, 1912)-v. 66, no. 16 (Oct. 20, 1949).</subfield></datafield><datafield ind1=" " ind2=" " tag="500"><subfield code="a">Publisher varies.</subfield></datafield><datafield ind1=" " ind2=" " tag="500"><subfield code="a">Includes section called: Morrowville booster, Nov. 1, 1926-Oct. 20, 1949.</subfield></datafield><datafield ind1=" " ind2=" " tag="525"><subfield code="a">Supplements included.</subfield></datafield><datafield ind1=" " ind2=" " tag="752"><subfield code="a">United States</subfield><subfield code="b">Kansas</subfield><subfield code="c">Washington</subfield><subfield code="d">Haddam.</subfield></datafield><datafield ind1="0" ind2="4" tag="780"><subfield code="t">Haddam city clipper</subfield><subfield code="w">(DLC)sn 85066346</subfield></datafield><datafield ind1="0" ind2="4" tag="780"><subfield code="t">Haddam leader (Haddam, Kan. : 1910)</subfield><subfield code="w">(DLC)sn 85066310</subfield></datafield><datafield ind1="1" ind2=" " tag="029"><subfield code="a">AU@</subfield><subfield code="b">000022169133</subfield></datafield></record>